
  <record>
    <leader>02425cas a22005057a 4500</leader>
    <controlfield tag="001">ocm09688987 </controlfield>
    <controlfield tag="003">OCoLC</controlfield>
    <controlfield tag="005">20051011133654.0</controlfield>
    <controlfield tag="008">830711d18731887nyuwr ne      0    0eng d</controlfield>
    <datafield tag="010" ind1=" " ind2=" ">
      <subfield code="a">sn 83030846 </subfield>
    </datafield>
    <datafield tag="022" ind1=" " ind2="1">
      <subfield code="a">0743-1791</subfield>
    </datafield>
    <datafield tag="040" ind1=" " ind2=" ">
      <subfield code="a">NPU</subfield>
      <subfield code="c">NPU</subfield>
      <subfield code="d">NPX</subfield>
      <subfield code="d">NYS</subfield>
      <subfield code="d">RHN</subfield>
      <subfield code="d">NYS</subfield>
      <subfield code="d">CNW</subfield>
      <subfield code="d">OCLCQ</subfield>
    </datafield>
    <datafield tag="042" ind1=" " ind2=" ">
      <subfield code="a">msc</subfield>
    </datafield>
    <datafield tag="130" ind1="0" ind2=" ">
      <subfield code="a">Living issue (Albany, N.Y.)</subfield>
    </datafield>
    <datafield tag="245" ind1="0" ind2="4">
      <subfield code="a">The living issue.</subfield>
    </datafield>
    <datafield tag="246" ind1="3" ind2="0">
      <subfield code="a">Living issue.  Prohibition</subfield>
      <subfield code="f">1873</subfield> 
    </datafield>
    <datafield tag="260" ind1=" " ind2=" ">
      <subfield code="a">Albany, N.Y. :</subfield>
      <subfield code="b">The Living Issue Co.</subfield>
    </datafield>
    <datafield tag="300" ind1=" " ind2=" ">
      <subfield code="a">v. :</subfield>
      <subfield code="b">ill. ;</subfield>
      <subfield code="c">70 cm.</subfield>
    </datafield>
    <datafield tag="310" ind1=" " ind2=" ">
      <subfield code="a">Weekly</subfield>
      <subfield code="b">&lt;Jan. 1, 1941&gt;-</subfield>
    </datafield>
    <datafield tag="362" ind1="1" ind2=" ">
      <subfield code="a">Began in 1873.</subfield>
    </datafield>
    <datafield tag="362" ind1="1" ind2="         ">
      <subfield code="a">Ceased in Mar. 1887.</subfield>
      <subfield code="z">Cf. Gregory, W. Amer.  newspapers.</subfield>
    </datafield>
    <datafield tag="500" ind1=" " ind2=" ">
      <subfield code="a">Published as: Living issue. Prohibition, &lt;Dec. 17, 1874&gt;.</subfield>
    </datafield>
    <datafield tag="500" ind1=" " ind2=" ">
      <subfield code="a">Published at New York, N.Y., &lt;1874&gt;-1879; at Portland, Me., 1879-&lt;1880&gt;; at Cooperstown, N.Y., &lt;1881-1882&gt;; at Utica, N.Y., &lt;1883&gt;-Jan. 27, 1887; at Lincoln, Neb., &lt;Feb.  1887&gt;-</subfield>
    </datafield>
    <datafield tag="500" ind1=" " ind2="         ">
      <subfield code="a">Publishers: Living Issue Co., 1873-1877; National Prohibition Alliance, 1877-1879; Maine Temperance Alliance, &lt;1879&gt;; Sawyer &amp; Scrambling, &lt;1881&gt;; Scrambling &amp; Jones, &lt;1882&gt;; G.D. Scrambling, &lt;1884-1887&gt;.</subfield>
    </datafield>
    <datafield tag="500" ind1="         " ind2=" ">
      <subfield code="a">Supported National Prohibition Ticket, 1876; Green Clay Smith for president.</subfield>
    </datafield>
    <datafield tag="500" ind1=" " ind2=" ">
      <subfield code="a">Description based on: Vol. 1, no. 8 (Apr. 12, 1873).</subfield>
    </datafield>
    <datafield tag="650" ind1=" " ind2="0">
      <subfield code="a">Temperance</subfield>
      <subfield code="z">New York (State)</subfield>
      <subfield code="z">New York</subfield>
      <subfield code="v">Newspapers.</subfield>
    </datafield>
    <datafield tag="650" ind1=" " ind2="0">
      <subfield code="a">Temperance</subfield>
      <subfield code="z">Connecticut</subfield>
      <subfield code="v">Newspapers.</subfield>
    </datafield>
    <datafield tag="651" ind1=" " ind2="0">
      <subfield code="a">Utica (N.Y.)</subfield>
      <subfield code="v">Newspapers.</subfield>
    </datafield>
    <datafield tag="651" ind1=" " ind2="0">
      <subfield code="a">Cooperstown (N.Y.)</subfield>
      <subfield code="v">Newspapers.</subfield>
    </datafield>
    <datafield tag="651" ind1=" " ind2="0">
      <subfield code="a">New York (N.Y.)</subfield>
      <subfield code="v">Newspapers.</subfield>
    </datafield>
    <datafield tag="651" ind1=" " ind2="0">
      <subfield code="a">Albany (N.Y.)</subfield>
      <subfield code="v">Newspapers.</subfield>
    </datafield>
    <datafield tag="651" ind1=" " ind2="0">
      <subfield code="a">New Haven (Conn.)</subfield>
      <subfield code="v">Newspapers.</subfield>
    </datafield>
    <datafield tag="651" ind1=" " ind2="0">
      <subfield code="a">Hartford (Conn.)</subfield>
      <subfield code="v">Newspapers.</subfield>
    </datafield>
    <datafield tag="700" ind1="1" ind2=" ">
      <subfield code="a">Smith, Green Clay,</subfield>
      <subfield code="d">1826-1895.</subfield>
    </datafield>
    <datafield tag="740" ind1="0" ind2=" ">
      <subfield code="a">Fake uncontrolled non-analytic title</subfield>
    </datafield>
    <datafield tag="752" ind1=" " ind2=" ">
      <subfield code="a">United States</subfield>
      <subfield code="b">Nebraska</subfield>
      <subfield code="c">Lancaster</subfield>
      <subfield code="d">Lincoln.</subfield>
    </datafield>
    <datafield tag="752" ind1="         " ind2=" ">
      <subfield code="a">United States</subfield>
      <subfield code="b">New York</subfield>
      <subfield code="c">Oneida</subfield>
      <subfield code="d">Utica.</subfield>
    </datafield>
    <datafield tag="752" ind1=" " ind2=" ">
      <subfield code="a">United States</subfield>
      <subfield code="b">New York</subfield>
      <subfield code="c">Otsego</subfield>
      <subfield code="d">Cooperstown.</subfield>
    </datafield>
    <datafield tag="752" ind1=" " ind2=" ">
      <subfield code="a">United States</subfield>
      <subfield code="b">Maine</subfield>
      <subfield code="c">Cumberland</subfield>
      <subfield code="d">Portland.</subfield>
    </datafield>
    <datafield tag="752" ind1="         " ind2=" ">
      <subfield code="a">United States</subfield>
      <subfield code="b">New York</subfield>
      <subfield code="c">New York</subfield>
      <subfield code="d">New York.</subfield>
    </datafield>
    <datafield tag="752" ind1=" " ind2="         ">
      <subfield code="a">United States</subfield>
      <subfield code="b">New York</subfield>
      <subfield code="c">Albany</subfield>
      <subfield code="d">Albany.</subfield>
    </datafield>
    <datafield tag="780" ind1="0" ind2="5">
      <subfield code="t">Town and country (Providence, R.I.)</subfield>
      <subfield code="w">(DLC)sn 83021237</subfield>
    </datafield>
    <datafield tag="780" ind1="0" ind2="5">
      <subfield code="t">Commonwealth (New Haven, Conn.)</subfield>
      <subfield code="g">Dec. 1876</subfield>
      <subfield code="w">(DLC)sn 84020072</subfield>
      <subfield code="w">(OCoLC)10316704</subfield>
    </datafield>
    <datafield tag="785" ind1="0" ind2="1">
      <subfield code="t">State temperance journal (Middletown, Conn.)</subfield>
      <subfield code="g">1879</subfield>
      <subfield code="w">(DLC)sn 92051309</subfield>
      <subfield code="w">(OCoLC)26109972</subfield>
    </datafield>
    <datafield tag="785" ind1="0" ind2="7">
      <subfield code="t">New republic (Lincoln, Neb. : 1885)</subfield>
    </datafield>
    <datafield tag="785" ind1="0" ind2="7">
      <subfield code="t">Living issue and the new republic</subfield>
      <subfield code="w">(DLC)sn 89071335</subfield>
    </datafield>
    <datafield tag="856" ind1="4" ind2="0">
      <subfield code="u">http://bibpurl.oclc.org/web/6424</subfield>
      <subfield code="u">http://www.wisconsinhistory.org/libraryarchives/aanp/freedom/</subfield>
    </datafield>
  </record>
  <record>
    <leader>00141ny  a22000733  4500</leader>
    <controlfield tag="004">09688987</controlfield>
    <controlfield tag="008">0000000|||||8|||0||||||||1900500</controlfield>
    <datafield tag="852" ind1=" " ind2=" ">
      <subfield code="a">NHS</subfield>
    </datafield>
    <datafield tag="866" ind1="3" ind2="0">
      <subfield code="6">1</subfield>
      <subfield code="a">1973-1979</subfield>
    </datafield>
  </record>
  <record>
    <leader>00163ny  a22000733  4500</leader>
    <controlfield tag="004">09688987</controlfield>
    <controlfield tag="008">9005300|||||8|||0||||||||0900500</controlfield>
    <datafield tag="852" ind1=" " ind2=" ">
      <subfield code="a">NHS</subfield>
      <subfield code="b">NHSS</subfield>
      <subfield code="t">FM</subfield>
    </datafield>
    <datafield tag="866" ind1="3" ind2="0">
      <subfield code="6">1</subfield>
      <subfield code="a">s=&lt;1973:9:7-1979:8:2&gt;</subfield>
    </datafield>
  </record>
  <record>
    <leader>00141ny  a22000733  4500</leader>
    <controlfield tag="004">09688987</controlfield>
    <controlfield tag="008">0000000|||||8|||0||||||||1911000</controlfield>
    <datafield tag="852" ind1=" " ind2=" ">
      <subfield code="a">NP9</subfield>
    </datafield>
    <datafield tag="866" ind1="3" ind2="0">
      <subfield code="6">1</subfield>
      <subfield code="a">1973-1979</subfield>
    </datafield>
  </record>
  <record>
    <leader>00225ny  a22000733  4500</leader>
    <controlfield tag="004">09688987</controlfield>
    <controlfield tag="008">9110300|||||8|||0||||||||0911000</controlfield>
    <datafield tag="852" ind1=" " ind2=" ">
      <subfield code="a">NP9</subfield>
      <subfield code="b">NP9A</subfield>
      <subfield code="h">Enfield Historical Society</subfield>
      <subfield code="t">OR</subfield>
    </datafield>
    <datafield tag="866" ind1="3" ind2="0">
      <subfield code="6">1</subfield>
      <subfield code="a">&lt;1978:1:4, 3:2, 9:28-12:21&gt; &lt;1979:1:11, 3:29, 4:12-8:9&gt;</subfield>
    </datafield>
  </record>
  <record>
    <leader>00510ny  a22000733  4500</leader>
    <controlfield tag="004">09688987</controlfield>
    <controlfield tag="008">9110300|||||8|||0||||||||0911000</controlfield>
    <datafield tag="852" ind1=" " ind2=" ">
      <subfield code="a">NP9</subfield>
      <subfield code="b">NP9A</subfield>
      <subfield code="h">Enfield Historical Coll.</subfield>
      <subfield code="t">OR</subfield>
    </datafield>
    <datafield tag="866" ind1="3" ind2="0">
      <subfield code="6">1</subfield>
      <subfield code="a">&lt;1973:9:7-12:28&gt; &lt;1974:1:4-3:29, 4:12-8:16, 9:13-11:8&gt; &lt;1975:1:10-3:28, 5:2,23-6:13, 7:4-8:8,29-9:18, 10:9-11:6,20&gt; &lt;1976:1:1, 2:5-3:4, 5:6,27, 6:3-10,24, 7:1-29, 8:12-9:23, 10:14-12:23&gt; &lt;1977:1:6-7:28, 8:11-12:22&gt; &lt;1978:1:5-4:6,20-6:1,22-7:20, 8:10,24-31, 9:21, 10:5-12,26, 11:2-12:21&gt; &lt;1979:1:11,25, 2:1,15-3:8,22-29, 4:12, 5:3-7:12,26-8:2&gt;</subfield>
    </datafield>
  </record>
</records>
